<record><leader>00000cas a22000007a 4500</leader><controlfield tag="001">11035241</controlfield><controlfield tag="008">840809d19121918ohuwr ne      0    0eng d</controlfield><datafield ind1=" " ind2=" " tag="010"><subfield code="a">sn 84028436 </subfield></datafield><datafield ind1=" " ind2=" " tag="040"><subfield code="a">NPY</subfield><subfield code="b">eng</subfield><subfield code="c">NPY</subfield><subfield code="d">ONP</subfield><subfield code="d">OCLCQ</subfield></datafield><datafield ind1=" " ind2=" " tag="042"><subfield code="a">msc</subfield></datafield><datafield ind1="0" ind2="0" tag="245"><subfield code="a">Chicago Junction telegraph.</subfield></datafield><datafield ind1=" " ind2=" " tag="260"><subfield code="a">Chicago Junction [Willard], Ohio :</subfield><subfield code="b">Ed. A. Evans,</subfield><subfield code="c">-1918.</subfield></datafield><datafield ind1=" " ind2=" " tag="300"><subfield code="a">v. :</subfield><subfield code="b">ill. ;</subfield><subfield code="c">57 cm.</subfield></datafield><datafield ind1=" " ind2=" " tag="310"><subfield code="a">Weekly</subfield></datafield><datafield ind1="1" ind2=" " tag="362"><subfield code="a">Began in 1912.</subfield></datafield><datafield ind1="0" ind2=" " tag="362"><subfield code="a">-v. 7, no. 13 (Aug. 12, 1918).</subfield></datafield><datafield ind1=" " ind2=" " tag="580"><subfield code="a">Other edition: Chicago times (Chicago, Ohio).</subfield></datafield><datafield ind1=" " ind2=" " tag="588"><subfield code="a">Description based on: Vol. 6, no. 1 (June 5, 1916).</subfield></datafield><datafield ind1=" " ind2=" " tag="752"><subfield code="a">United States</subfield><subfield code="b">Ohio</subfield><subfield code="c">Huron</subfield><subfield code="d">Chicago Junction.</subfield></datafield><datafield ind1=" " ind2=" " tag="752"><subfield code="a">United States</subfield><subfield code="b">Ohio</subfield><subfield code="c">Huron</subfield><subfield code="d">Willard.</subfield></datafield><datafield ind1="1" ind2=" " tag="775"><subfield code="t">Chicago times (Chicago, Ohio)</subfield><subfield code="w">(DLC)sn 84028434</subfield></datafield><datafield ind1="0" ind2="0" tag="785"><subfield code="t">Willard telegraph</subfield><subfield code="w">(DLC)sn 84028437</subfield></datafield></record>